@article{armstrong,
author = {Armstrong, J. and Morwitz, V. and Kumar, V.},
journal = {International Journal of Forecasting},
number = {3},
pages = {383--397},
title = {Sales forecasts for existing consumer products and services: Do purchase intentions contribute to accuracy?},
volume = {16},
year = {2000},
doi = {10.1016/s0169-2070(00)00058-3},
}

@article{morwitz,
author = {Morwitz, V. and Steckel, J. and Gupta, A.},
journal = {International Journal of Forecasting},
number = {3},
pages = {347--364},
title = {When do purchase intentions predict sales?},
volume = {23},
year = {2007},
doi = {10.1016/j.ijforecast.2007.05.015},
}

@article{khuong,
author = {Khuong, M. and Nguyen, T.},
journal = {Journal of Economics, Business and Management},
number = {9},
pages = {851--857},
title = {The Effects of Television Commercials on Customers Purchase Intention -- A Study of Milk Industry in Ho Chi Minh City, Vietnam},
volume = {3},
year = {2015},
}

@article{sun,
author = {Sun, B. and Morwitz, V.},
journal = {International Journal of Research In Marketing},
number = {4},
pages = {356--366},
title = {Stated intentions and purchase behavior: A unified model},
volume = {27},
year = {2010},
doi = {10.1016/j.ijresmar.2010.06.001},
}

@article{newberry,
author = {Newberry, C. and Klemz, B. and Boshoff, C.},
journal = {Journal of Services Marketing},
number = {6},
pages = {609--620},
title = {Managerial implications of predicting purchase behavior from purchase intentions: a retail patronage case study},
volume = {17},
year = {2003},
doi = {10.1108/08876040310495636},
}

@article{shareef-ma,
author = {Shareef, M. and Mukerji, B. and Alryalat, M. and Wright, A. and Dwivedi, Y.},
journal = {Journal of Retailing And Consumer Services},
pages = {258--268},
title = {Advertisements on Facebook: Identifying the persuasive elements in the development of positive attitudes in consumers},
volume = {43},
year = {2018},
doi = {10.1016/j.jretconser.2018.04.006},
}

@article{gonzalez,
author = {Gonzalez Camacho, L. and Alves-Souza, S.},
journal = {Information Processing \& Management},
number = {4},
pages = {529--544},
title = {Social network data to alleviate cold-start in recommender system: A systematic review},
volume = {54},
year = {2018},
doi = {10.1016/j.ipm.2018.03.004},
}

@article{ramaboa,
author = {Ramaboa, K. and Fish, P.},
journal = {Information Processing \& Management},
number = {2},
pages = {175--183},
title = {Keyword length and matching options as indicators of search intent in sponsored search},
volume = {54},
year = {2018},
doi = {10.1016/j.ipm.2017.11.003},
}

@article{wu,
author = {Wu, C. and Kao, S. and Wu, C. and Huang, S.},
journal = {Information Processing \& Management},
number = {5},
pages = {625--642},
title = {Location-aware service applied to mobile short message advertising: Design, development, and evaluation},
volume = {51},
year = {2015},
doi = {10.1016/j.ipm.2015.06.001},
}

@article{zajonc,
author = {Zajonc, R.},
journal = {Journal of Personality And Social Psychology},
number = {2 Pt.2},
pages = {1--27},
title = {Attitudinal effects of mere exposure},
volume = {9},
year = {1968},
doi = {10.1037/h0025848},
}

@article{hekkert,
author = {Hekkert, P. and Thurgood, C. and Whitfield, T.},
journal = {Acta Psychologica},
number = {2},
pages = {411--417},
title = {The mere exposure effect for consumer products as a consequence of existing familiarity and controlled exposure},
volume = {144},
year = {2013},
doi = {10.1016/j.actpsy.2013.07.015},
}

@article{huang,
author = {Huang, Y. and Hsieh, P.},
journal = {Vision Research},
pages = {56--61},
title = {The mere exposure effect is modulated by selective attention but not visual awareness},
volume = {91},
year = {2013},
doi = {10.1016/j.visres.2013.07.017},
}

@article{dechene,
author = {Dech{\^e}ne, A. and Stahl, C. and Hansen, J. and W{\"a}nke, M.},
journal = {Journal of Experimental Social Psychology},
number = {5},
pages = {1117--1122},
title = {Mix me a list: Context moderates the truth effect and the mere-exposure effect},
volume = {45},
year = {2009},
doi = {10.1016/j.jesp.2009.06.019},
}

@article{fang,
author = {Fang, X. and Singh, S. and Ahluwalia, R.},
journal = {Journal of Consumer Research},
number = {1},
pages = {97--103},
title = {An Examination of Different Explanations for the Mere Exposure Effect},
volume = {34},
year = {2007},
doi = {10.1086/513050},
}

@article{gmuer,
author = {Gmuer, A. and Siegrist, M. and Dohle, S.},
journal = {Food Quality and Preference},
pages = {12--16},
title = {Does wine label processing fluency influence wine hedonics?},
volume = {44},
year = {2015},
doi = {10.1016/j.foodqual.2015.03.007},
}

@article{schwarz,
author = {Schwarz, N.},
journal = {Journal of Consumer Psychology},
number = {4},
pages = {332--348},
title = {Metacognitive Experiences in Consumer Judgment and Decision Making},
volume = {14},
year = {2004},
doi = {10.1207/s15327663jcp1404_2},
}

@article{silva,
author = {Silva, R. and Garcia-Marques, T. and Reber, R.},
journal = {Consciousness and Cognition},
pages = {53--67},
title = {The informative value of type of repetition: Perceptual and conceptual fluency influences on judgments of truth},
volume = {51},
year = {2017},
doi = {10.1016/j.concog.2017.02.016},
}

@article{jacoby,
author = {Jacoby, L. and Dallas, M.},
journal = {Journal of Experimental Psychology: General},
pages = {306--304},
title = {On the Relationship Between Autobiographical Memory and Perceptual Learning},
volume = {110},
year = {1981},
doi = {10.1037/0096-3445.110.3.306}
}

@article{reber,
author = {Reber, R. and Winkielman, P. and Schwarz, N.},
journal = {Psychological Science},
number = {1},
pages = {45--48},
title = {Effects of Perceptual Fluency on Affective Judgments},
volume = {9},
year = {1998},
doi = {10.1111/1467-9280.00008},
}

@article{seamon,
author = {Seamon, J. and Williams, P. and Crowley, M. and Kim, I. and Langer, S. and Orne, P. and Wishengrad, D.},
journal = {Journal of Experimental Psychology: Learning, Memory And Cognition},
number = {3},
pages = {711--721},
title = {The Mere Exposure Effect Is Based On Implicit Memory: Effects of Stimulus Type, Encoding Conditions, and Number of Exposures on Recognition and Affect Judgements},
volume = {21},
year = {1995},
}

@article{lee-a,
author = {Lee, A. and Labroo, A.},
journal = {Journal of Marketing Research},
number = {2},
pages = {151--165},
title = {The Effect of Conceptual and Perceptual Fluency on Brand Evaluation},
volume = {41},
year = {2004},
doi = {10.1509/jmkr.41.2.151.28665},
}

@article{boyland,
author = {Boyland, E. and Halford, J.},
journal = {Appetite},
pages = {236--241},
title = {Television advertising and branding: Effects on eating behaviour and food preferences in children},
volume = {62},
year = {2013},
doi = {10.1016/j.appet.2012.01.032},
}

@article{rossiter,
author = {Rossiter, J. and Silberstein, R. and Harris, P. and Nield, G.},
journal = {Journal of Advertising Research},
number = {2},
pages = {13--21},
title = {Brain-Imaging Detection of Visual Scene Encoding in Long-term Memory for TV Commercials},
volume = {41},
year = {2001},
doi = {10.2501/jar-41-2-13-21},
}

@inproceedings{stitelman,
address = {San Diego, California, USA},
author = {Stitelman, O. and Dalessandro, B. and Perlich, C. and Provost, F.},
booktitle = {Proceedings of the Fifth International Workshop on Data Mining and Audience Intelligence for Advertising (ADKDD 2011)},
title = {Estimating the effect of online display advertising on browser conversion},
year = {2011},
pages = {8--16}
}

@article{perlich,
author = {Perlich, C. and Dalessandro, B. and Raeder, T. and Stitelman, O. and Provost, F.},
journal = {Machine Learning},
number = {1},
pages = {103--127},
title = {Machine learning for targeted display advertising: transfer learning in action},
volume = {95},
year = {2013},
doi = {10.1007/s10994-013-5375-2},
}

@article{schwartz,
author = {Schwartz, E. and Bradlow, E. and Fader, P.},
journal = {Marketing Science},
number = {4},
pages = {500--522},
title = {Customer Acquisition via Display Advertising Using Multi-Armed Bandit Experiments},
volume = {36},
year = {2017},
doi = {10.1287/mksc.2016.1023},
}

@article{shareef-mb,
author = {Shareef, M. and Mukerji, B. and Dwivedi, Y. and Rana, N. and Islam, R.},
journal = {Journal of Retailing And Consumer Services},
title = {Social media marketing: Comparative effect of advertisement sources},
year = {2017},
doi = {10.1016/j.jretconser.2017.11.001},
}

@article{jansen,
author = {Jansen, B. and Moore, K. and Carman, S.},
journal = {Information Processing \& Management},
number = {1},
pages = {286--302},
title = {Evaluating the performance of demographic targeting using gender in sponsored search},
volume = {49},
year = {2013},
doi = {10.1016/j.ipm.2012.06.001},
}

@article{zhang,
author = {Zhang, Y. and Zhang, W. and Gao, B. and Yuan, X. and Liu, T.},
journal = {Information Processing \& Management},
number = {4},
pages = {508--523},
title = {Bid keyword suggestion in sponsored search based on competitiveness and relevance},
volume = {50},
year = {2014},
doi = {10.1016/j.ipm.2014.02.004},
}

@article{kannan,
author = {Kannan, R. and Ghinea, G. and Swaminathan, S.},
journal = {Information Processing \& Management},
number = {3},
pages = {286--305},
title = {What do you wish to see? A summarization system for movies based on user preferences},
volume = {51},
year = {2015},
doi = {10.1016/j.ipm.2014.12.001},
}

@article{choi,
author = {Choi, I. and Oh, M. and Kim, J. and Ryu, Y.},
journal = {International Journal of Information Management},
number = {3},
pages = {397--402},
title = {Collaborative filtering with facial expressions for online video recommendation},
volume = {36},
year = {2016},
doi = {10.1016/j.ijinfomgt.2016.01.005},
}

@article{alawan,
author = {Alalwan, A.},
journal = {International Journal of Information Management},
pages = {65--77},
title = {Investigating the impact of social media advertising features on customer purchase intention},
volume = {42},
year = {2018},
doi = {10.1016/j.ijinfomgt.2018.06.001},
}

@article{lee-j,
author = {Lee, J. and Hong, I.},
journal = {International Journal of Information Management},
number = {3},
pages = {360--373},
title = {Predicting positive user responses to social media advertising: The roles of emotional appeal, informativeness, and creativity},
volume = {36},
year = {2016},
doi = {10.1016/j.ijinfomgt.2016.01.001},
}

@article{shareef-mc,
author = {Shareef, M. and Dwivedi, Y. and Kumar, V. and Kumar, U.},
journal = {International Journal of Information Management},
number = {4},
pages = {257--268},
title = {Content design of advertisement for consumer exposure: Mobile marketing through short messaging service},
volume = {37},
year = {2017},
doi = {10.1016/j.ijinfomgt.2017.02.003},
}

@article{svm,
author = {Cortes, C. and Vapnik, V.},
journal = {Machine Learning},
number = {3},
pages = {273--297},
title = {Support-vector networks},
volume = {20},
year = {1995},
doi = {10.1007/bf00994018},
}

@inproceedings{xgboost,
address = {San Francisco, California, USA},
author = {Chen, T. and Guestrin, C.},
booktitle = {Proceedings of the 22nd ACM SIGKDD International Conference on Knowledge Discovery and Data Mining (KDD'16)},
pages = {785--794},
title = {XGBoost: A scalable tree boosting system},
year = {2016},
doi = {10.1145/2939672.2939785}
}

@article{janiszewski,
author = {Janiszewski, C.},
journal = {Journal of Consumer Research},
number = {3},
pages = {376--392},
title = {Preattentive Mere Exposure Effects},
volume = {20},
year = {1993},
url = {http://www.jstor.org/stable/2489354},
}

@article{abernethy,
author = {Abernethy, A.},
journal = {Current Issues And Research In Advertising},
number = {1--2},
pages = {61---77},
title = {Television Exposure: Programs vs. Advertising},
volume = {13},
year = {1991},
doi = {10.1080/01633392.1991.10504959},
}

@article{bunn,
author = {Bunn, D.},
journal = {Journal of Advertising Research},
number = {5},
pages = {35--39},
title = {Audience Presence During Breaks in Television Programs},
volume = {22},
year = {1982},
}

@article{boait,
author = {Boait, P. and Rylatt, R. and Wright, A.},
journal = {Applied Energy},
number = {3},
pages = {239--253},
title = {Exergy-based control of electricity demand and microgeneration},
volume = {84},
year = {2007},
doi = {10.1016/j.apenergy.2006.09.001},
}

@article{logit,
author={Walker, S. and Duncan, D.},
journal={Biometrika},
number={1--2},
pages={167-179},
title={Estimation of the Probability of an Event as a Function of Several Independent Variables},
volume={54},
year={1967},
doi={10.2307/2333860}
}

@incollection{goodfellow-gan,
title = {Generative Adversarial Nets},
author = {Goodfellow, Ian and Pouget-Abadie, Jean and Mirza, Mehdi and Xu, Bing and Warde-Farley, David and Ozair, Sherjil and Courville, Aaron and Bengio, Yoshua},
booktitle = {Advances in Neural Information Processing Systems 27 (NIPS 2014)},
editor = {Z. Ghahramani and M. Welling and C. Cortes and N. D. Lawrence and K. Q. Weinberger},
pages = {2672--2680},
year = {2014},
publisher = {Curran Associates, Inc.},
url = {http://papers.nips.cc/paper/5423-generative-adversarial-nets.pdf}
}
