@article{1,
author = {Armstrong, J. and Morwitz, V. and Kumar, V.},
journal = {International Journal Of Forecasting},
number = {3},
pages = {383-397},
title = {Sales forecasts for existing consumer products and services: Do purchase intentions contribute to accuracy?},
volume = {16},
year = {2000},
doi = {10.1016/s0169-2070(00)00058-3},
}

@article{2,
author = {Morwitz, V. and Steckel, J. and Gupta, A.},
journal = {International Journal Of Forecasting},
number = {3},
pages = {347-364},
title = {When do purchase intentions predict sales?},
volume = {23},
year = {2007},
doi = {10.1016/j.ijforecast.2007.05.015},
}

@article{3,
author = {Khuong, M. and Nguyen, T.},
journal = {Journal Of Economics, Business And Management},
number = {9},
pages = {851-857},
title = {The Effects of Television Commercials on Customers Purchase Intention -- A Study of Milk Industry in Ho Chi Minh City, Vietnam},
volume = {3},
year = {2015},
}

@article{4,
author = {Sun, B. and Morwitz, V.},
journal = {International Journal Of Research In Marketing},
number = {4},
pages = {356-366},
title = {Stated intentions and purchase behavior: A unified model},
volume = {27},
year = {2010},
doi = {10.1016/j.ijresmar.2010.06.001},
}

@article{5,
author = {Newberry, C. and Klemz, B. and Boshoff, C.},
journal = {Journal Of Services Marketing},
number = {6},
pages = {609-620},
title = {Managerial implications of predicting purchase behavior from purchase intentions: a retail patronage case study},
volume = {17},
year = {2003},
doi = {10.1108/08876040310495636},
}

@article{6,
author = {Shareef, M. and Mukerji, B. and Alryalat, M. and Wright, A. and Dwivedi, Y.},
journal = {Journal Of Retailing And Consumer Services},
pages = {258-268},
title = {Advertisements on Facebook: Identifying the persuasive elements in the development of positive attitudes in consumers},
volume = {43},
year = {2018},
doi = {10.1016/j.jretconser.2018.04.006},
}

@article{7,
author = {Gonzalez Camacho, L. and Alves-Souza, S.},
journal = {Information Processing \& Management},
number = {4},
pages = {529-544},
title = {Social network data to alleviate cold-start in recommender system: A systematic review},
volume = {54},
year = {2018},
doi = {10.1016/j.ipm.2018.03.004},
}

@article{8,
author = {Ramaboa, K. and Fish, P.},
journal = {Information Processing \& Management},
number = {2},
pages = {175-183},
title = {Keyword length and matching options as indicators of search intent in sponsored search},
volume = {54},
year = {2018},
doi = {10.1016/j.ipm.2017.11.003},
}

@article{9,
author = {Wu, C. and Kao, S. and Wu, C. and Huang, S.},
journal = {Information Processing \& Management},
number = {5},
pages = {625-642},
title = {Location-aware service applied to mobile short message advertising: Design, development, and evaluation},
volume = {51},
year = {2015},
doi = {10.1016/j.ipm.2015.06.001},
}

@article{10,
author = {Zajonc, R.},
journal = {Journal Of Personality And Social Psychology},
number = {2 Pt.2},
pages = {1-27},
title = {Attitudinal effects of mere exposure},
volume = {9},
year = {1968},
doi = {10.1037/h0025848},
}

@article{11,
author = {Hekkert, P. and Thurgood, C. and Whitfield, T.},
journal = {Acta Psychologica},
number = {2},
pages = {411-417},
title = {The mere exposure effect for consumer products as a consequence of existing familiarity and controlled exposure},
volume = {144},
year = {2013},
doi = {10.1016/j.actpsy.2013.07.015},
}

@article{12,
author = {Huang, Y. and Hsieh, P.},
journal = {Vision Research},
pages = {56-61},
title = {The mere exposure effect is modulated by selective attention but not visual awareness},
volume = {91},
year = {2013},
doi = {10.1016/j.visres.2013.07.017},
}

@article{13,
author = {Dech{\^e}ne, A. and Stahl, C. and Hansen, J. and W{"a}nke, M.},
journal = {Journal Of Experimental Social Psychology},
number = {5},
pages = {1117-1122},
title = {Mix me a list: Context moderates the truth effect and the mere-exposure effect},
volume = {45},
year = {2009},
doi = {10.1016/j.jesp.2009.06.019},
}

@article{14,
author = {Fang, X. and Singh, S. and Ahluwalia, R.},
journal = {Journal Of Consumer Research},
number = {1},
pages = {97-103},
title = {An Examination of Different Explanations for the Mere Exposure Effect},
volume = {34},
year = {2007},
doi = {10.1086/513050},
}

@article{15,
author = {Gmuer, A. and Siegrist, M. and Dohle, S.},
journal = {Food Quality And Preference},
pages = {12-16},
title = {Does wine label processing fluency influence wine hedonics?},
volume = {44},
year = {2015},
doi = {10.1016/j.foodqual.2015.03.007},
}

@article{16,
author = {Schwarz, N.},
journal = {Journal Of Consumer Psychology},
number = {4},
pages = {332-348},
title = {Metacognitive Experiences in Consumer Judgment and Decision Making},
volume = {14},
year = {2004},
doi = {10.1207/s15327663jcp1404_2},
}

@article{17,
author = {Silva, R. and Garcia-Marques, T. and Reber, R.},
journal = {Consciousness And Cognition},
pages = {53-67},
title = {The informative value of type of repetition: Perceptual and conceptual fluency influences on judgments of truth},
volume = {51},
year = {2017},
doi = {10.1016/j.concog.2017.02.016},
}

@article{18,
author = {Jacoby, L. and Dallas, M.},
journal = {Journal Of Experimental Psychology: General},
pages = {306-304},
title = {On the Relationship Between Autobiographical Memory and Perceptual Learning},
volume = {110},
year = {1981},
}

@article{19,
author = {Reber, R. and Winkielman, P. and Schwarz, N.},
journal = {Psychological Science},
number = {1},
pages = {45-48},
title = {Effects of Perceptual Fluency on Affective Judgments},
volume = {9},
year = {1998},
doi = {10.1111/1467-9280.00008},
}

@article{20,
author = {Seamon, J. and Williams, P. and Crowley, M. and Kim, I. and Langer, S. and Orne, P. and Wishengrad, D.},
journal = {Journal Of Experimental Psychology: Learning, Memory And Cognition},
number = {3},
pages = {711-721},
title = {The Mere Exposure Effect Is Based On Implicit Memory: Effects of Stimulus Type, Encoding Conditions, and Number of Exposures on Recognition and Affect Judgements},
volume = {21},
year = {1995},
}

@article{21,
author = {Lee, A. and Labroo, A.},
journal = {Journal Of Marketing Research},
number = {2},
pages = {151-165},
title = {The Effect of Conceptual and Perceptual Fluency on Brand Evaluation},
volume = {41},
year = {2004},
doi = {10.1509/jmkr.41.2.151.28665},
}

@article{22,
author = {Boyland, E. and Halford, J.},
journal = {Appetite},
pages = {236-241},
title = {Television advertising and branding: Effects on eating behaviour and food preferences in children},
volume = {62},
year = {2013},
doi = {10.1016/j.appet.2012.01.032},
}

@article{23,
author = {Rossiter, J. and Silberstein, R. and Harris, P. and Nield, G.},
journal = {Journal Of Advertising Research},
number = {2},
pages = {13-21},
title = {Brain-Imaging Detection of Visual Scene Encoding in Long-term Memory for TV Commercials},
volume = {41},
year = {2001},
doi = {10.2501/jar-41-2-13-21},
}

@inproceedings{24,
address = {San Diego, California, USA},
author = {Stitelman, O. and Dalessandro, B. and Perlich, C. and Provost, F.},
booktitle = {Proceedings of the Fifth International Workshop on Data Mining and Audience Intelligence for Advertising (ADKDD 2011)},
title = {Estimating the effect of online display advertising on browser conversion},
year = {2011},
pages = {8-16}
}

@article{25,
author = {Perlich, C. and Dalessandro, B. and Raeder, T. and Stitelman, O. and Provost, F.},
journal = {Machine Learning},
number = {1},
pages = {103-127},
title = {Machine learning for targeted display advertising: transfer learning in action},
volume = {95},
year = {2013},
doi = {10.1007/s10994-013-5375-2},
}

@article{26,
author = {Schwartz, E. and Bradlow, E. and Fader, P.},
journal = {Marketing Science},
number = {4},
pages = {500-522},
title = {Customer Acquisition via Display Advertising Using Multi-Armed Bandit Experiments},
volume = {36},
year = {2017},
doi = {10.1287/mksc.2016.1023},
}

@article{27,
author = {Shareef, M. and Mukerji, B. and Dwivedi, Y. and Rana, N. and Islam, R.},
journal = {Journal Of Retailing And Consumer Services},
title = {Social media marketing: Comparative effect of advertisement sources},
year = {2017},
doi = {10.1016/j.jretconser.2017.11.001},
}

@article{28,
author = {Jansen, B. and Moore, K. and Carman, S.},
journal = {Information Processing \& Management},
number = {1},
pages = {286-302},
title = {Evaluating the performance of demographic targeting using gender in sponsored search},
volume = {49},
year = {2013},
doi = {10.1016/j.ipm.2012.06.001},
}

@article{29,
author = {Zhang, Y. and Zhang, W. and Gao, B. and Yuan, X. and Liu, T.},
journal = {Information Processing \& Management},
number = {4},
pages = {508-523},
title = {Bid keyword suggestion in sponsored search based on competitiveness and relevance},
volume = {50},
year = {2014},
doi = {10.1016/j.ipm.2014.02.004},
}

@article{30,
author = {Kannan, R. and Ghinea, G. and Swaminathan, S.},
journal = {Information Processing \& Management},
number = {3},
pages = {286-305},
title = {What do you wish to see? A summarization system for movies based on user preferences},
volume = {51},
year = {2015},
doi = {10.1016/j.ipm.2014.12.001},
}

@article{31,
author = {Choi, I. and Oh, M. and Kim, J. and Ryu, Y.},
journal = {International Journal Of Information Management},
number = {3},
pages = {397-402},
title = {Collaborative filtering with facial expressions for online video recommendation},
volume = {36},
year = {2016},
doi = {10.1016/j.ijinfomgt.2016.01.005},
}

@article{32,
author = {Alalwan, A.},
journal = {International Journal Of Information Management},
pages = {65-77},
title = {Investigating the impact of social media advertising features on customer purchase intention},
volume = {42},
year = {2018},
doi = {10.1016/j.ijinfomgt.2018.06.001},
}

@article{33,
author = {Lee, J. and Hong, I.},
journal = {International Journal Of Information Management},
number = {3},
pages = {360-373},
title = {Predicting positive user responses to social media advertising: The roles of emotional appeal, informativeness, and creativity},
volume = {36},
year = {2016},
doi = {10.1016/j.ijinfomgt.2016.01.001},
}

@article{34,
author = {Shareef, M. and Dwivedi, Y. and Kumar, V. and Kumar, U.},
journal = {International Journal Of Information Management},
number = {4},
pages = {257-268},
title = {Content design of advertisement for consumer exposure: Mobile marketing through short messaging service},
volume = {37},
year = {2017},
doi = {10.1016/j.ijinfomgt.2017.02.003},
}

@article{35,
author = {Cortes, C. and Vapnik, V.},
journal = {Machine Learning},
number = {3},
pages = {273-297},
title = {Support-vector networks},
volume = {20},
year = {1995},
doi = {10.1007/bf00994018},
}

@inproceedings{36,
address = {San Francisco, California, USA},
author = {Chen, T. and Guestrin, C.},
booktitle = {Proceedings of the 22nd ACM SIGKDD International Conference on Knowledge Discovery and Data Mining (KDD'16)},
pages = {785-794},
title = {XGBoost: A scalable tree boosting system},
year = {2016},
doi = {10.1145/2939672.2939785}
}

@article{37,
author = {Janiszewski, C.},
journal = {Journal Of Consumer Research},
number = {3},
pages = {376-392},
title = {Preattentive Mere Exposure Effects},
volume = {20},
year = {1993},
url = {http://www.jstor.org/stable/2489354},
}

@article{38,
author = {Abernethy, A.},
journal = {Current Issues And Research In Advertising},
number = {1-2},
pages = {61-77},
title = {Television Exposure: Programs vs. Advertising},
volume = {13},
year = {1991},
doi = {10.1080/01633392.1991.10504959},
}

@article{39,
author = {Bunn, D.},
journal = {Journal Of Advertising Research},
number = {5},
pages = {35-39},
title = {Audience Presence During Breaks in Television Programs},
volume = {22},
year = {1982},
}

@article{40,
author = {Boait, P. and Rylatt, R. and Wright, A.},
journal = {Applied Energy},
number = {3},
pages = {239-253},
title = {Exergy-based control of electricity demand and microgeneration},
volume = {84},
year = {2007},
doi = {10.1016/j.apenergy.2006.09.001},
}

@misc{41,
author = {{Drax Group Plc}},
year = {2016},
title = {7 of the biggest TV moments in UK electricity history},
url = {https://www.drax.com/technology/7-of-the-biggest-tv-moments-in-uk-electricity-history/},
note = {Retrieved 17 March 2018}
}

@misc{42,
author = {{Dentsu, inc.}},
year = {2017},
title = {2017 Advertising Expenditures in Japan},
url = {http://www.dentsu.com/knowledgeanddata/ad_expenditures/pdf/expenditures_2017.pdf},
note = {Retrieved on May 2018}
}
